<record><leader>00000cas a22000007a 4500</leader><controlfield tag="001">37603154</controlfield><controlfield tag="008">970911c19919999tnuwr ne      0    0eng d</controlfield><datafield ind1=" " ind2=" " tag="010"><subfield code="a">sn 97065420 </subfield></datafield><datafield ind1=" " ind2=" " tag="040"><subfield code="a">TGN</subfield><subfield code="b">eng</subfield><subfield code="c">TGN</subfield><subfield code="d">OCLCQ</subfield><subfield code="d">OCLCF</subfield><subfield code="d">OCLCO</subfield></datafield><datafield ind1="1" ind2=" " tag="029"><subfield code="a">AU@</subfield><subfield code="b">000013497194</subfield></datafield><datafield ind1=" " ind2=" " tag="042"><subfield code="a">msc</subfield></datafield><datafield ind1=" " ind2=" " tag="043"><subfield code="a">n-us-tn</subfield></datafield><datafield ind1="0" ind2="4" tag="245"><subfield code="a">The democrat and Tellico Laker.</subfield></datafield><datafield ind1=" " ind2=" " tag="260"><subfield code="a">Madisonville, Tenn. :</subfield><subfield code="b">County Publishers,</subfield><subfield code="c">1991-</subfield></datafield><datafield ind1=" " ind2=" " tag="300"><subfield code="a">v.</subfield></datafield><datafield ind1=" " ind2=" " tag="310"><subfield code="a">Weekly,</subfield><subfield code="b">Jan. 18, 1991-</subfield></datafield><datafield ind1=" " ind2=" " tag="321"><subfield code="a">Semiweekly,</subfield><subfield code="b">Jan. 8-11, 1991</subfield></datafield><datafield ind1="0" ind2=" " tag="362"><subfield code="a">Vol. 110, no. 2 (Jan. 8, 1991)-</subfield></datafield><datafield ind1=" " ind2=" " tag="515"><subfield code="a">Numbering is irregular.</subfield></datafield><datafield ind1=" " ind2=" " tag="580"><subfield code="a">Sunday edition: Monroe County advocate democrat, published jointly with: Monroe County advocate.</subfield></datafield><datafield ind1=" " ind2="0" tag="651"><subfield code="a">Madisonville (Tenn.)</subfield><subfield code="v">Newspapers.</subfield></datafield><datafield ind1=" " ind2="0" tag="651"><subfield code="a">Monroe County (Tenn.)</subfield><subfield code="v">Newspapers.</subfield></datafield><datafield ind1=" " ind2="7" tag="655"><subfield code="a">Newspapers.</subfield><subfield code="2">fast</subfield><subfield code="0">(OCoLC)fst01423814</subfield></datafield><datafield ind1=" " ind2="7" tag="651"><subfield code="a">Tennessee</subfield><subfield code="z">Madisonville.</subfield><subfield code="2">fast</subfield><subfield code="0">(OCoLC)fst01231988</subfield></datafield><datafield ind1=" " ind2="7" tag="651"><subfield code="a">Tennessee</subfield><subfield code="z">Monroe County.</subfield><subfield code="2">fast</subfield><subfield code="0">(OCoLC)fst01208171</subfield></datafield><datafield ind1=" " ind2=" " tag="752"><subfield code="a">United States</subfield><subfield code="b">Tennessee</subfield><subfield code="c">Monroe</subfield><subfield code="d">Madisonville.</subfield></datafield><datafield ind1="1" ind2=" " tag="775"><subfield code="t">Monroe County advocate democrat</subfield><subfield code="w">(DLC)sn 97065412</subfield></datafield><datafield ind1="0" ind2="0" tag="780"><subfield code="t">Independent democrat/Tellico Laker</subfield><subfield code="w">(DLC)sn 90003886</subfield></datafield><datafield ind1="1" ind2=" " tag="787"><subfield code="t">Monroe County advocate</subfield><subfield code="w">(DLC)sn 97065411</subfield></datafield></record>